@article{deep_learning_nature,
  title={Deep learning},
  author={LeCun, Yann and Bengio, Yoshua and Hinton, Geoffrey},
  journal={Nature},
  year={2015},
}

@article{schoffelen2019204,
  title={A 204-subject multimodal neuroimaging dataset to study language processing},
  author={Schoffelen, Jan-Mathijs and Oostenveld, Robert and Lam, Nietzsche HL and Udd{\'e}n, Julia and Hult{\'e}n, Annika and Hagoort, Peter},
  journal={Scientific data},
  volume={6},
  number={1},
  pages={17},
  year={2019},
  publisher={Nature Publishing Group}
}

@article{sonquist_morgan,
  title={Problems in the analysis of survey data: and a proposal.},
  author={Morqan, J. A. and Sonquist, J. N.},
  journal={J. Amer. Statist. Ass.},
  number={58},
  pages={415-434},
  year={1963}
}

@article{cca_hotelling,
  title={Relations between two sets of variables.},
  author={Hotelling, H.},
  journal={Biometrika},
  number={28},
  pages={129-149},
  year={1936},
  }

@article{kass75,
  title={Significance Testing in Automatic Interaction Detection (A.I.D.)},
  author={Kass, G. V.},
  journal={Journal of the Royal Statistical Society. Series C (Applied Statistics)},
  volume={24},
  number={2},
  pages={178-189},
  year={1975},
}

@article{tenenhaus_pls,
  title={La r\'egression PLS, th\'eorie et pratique.},
  author={Tenenhaus, M.},
  year={1998},
  publisher={Technip, Paris}
}

@article{wold_pls},
  title={Soft modelling by latent variables: the nonlinear iterative partial least squares (NIPALS)  approach.},
  author={Wold, H.},
  journal={Perspectives in probabilities and statistics, in honor of M. S. Bartlett.},
  pages={117-144},
  year={1975}
 }

@article{tibshirani_lasso},
  title={Regression shrinkage and selection via the lasso.},
  author={Tibshirani, R.},
  journal={Journal of the Royal Statistical Society, Series B},
  volume={58},
  pages={267-288},
  year={1996}
}

@article{hoerl_kennard_ridge},
  title={Ridge regression: biased estimation for nonorthogonal problems.},
  author={Hoerl, A. E. and Kenard, R.},
  journal={Technometrics},
  volume={12},
  pages={55-67},
  year={1970}
}

@article{Anderson_gcca},
  title={Estimating linear restrictions on regression coefficients for multivariate normal distributions},
  author={Anderson, T. W.},
  journal={Ann. Math. Statist.},
  volume={22},
  pages={327-351},
  year={1951}
  }

@article{Izenman_rrr},
  title={Reduced-Rank Regression for the Multivariate Linear Model},
  author={Izenman, J. A.},
  journal={Journal of multivariate analysis},
  volume={5},
  pages={248-264},
  year={1945}
}

@article{HansenTSVD},
  title={The truncatedSVD as a method for regularization.},
  author={Hansen, P. C.},
  journal={BIT},
  volume={27},
  number={4},
  pages={534-553},
  year={1987}
}


@article{},
  title={},
  author={},
  journal={},
  volume={},
  number={},
  pages={},
  year={},
  publisher={}
}